<record xmlns="http://www.loc.gov/MARC21/slim" xmlns:xsi="http://www.w3.org/2001/XMLSchema-instance" xsi:schemaLocation="http://www.loc.gov/MARC21/slim http://www.loc.gov/standards/marcxml/schema/MARC21slim.xsd"><leader>01904nam a2200373   4500</leader><controlfield tag="001">3079390</controlfield><controlfield tag="003">NNC</controlfield><controlfield tag="006">m        d        </controlfield><controlfield tag="007">cr cn |||m|||a</controlfield><controlfield tag="008">150223s1944    ua ab   ob    000 0 ara  </controlfield><datafield ind1=" " ind2=" " tag="040"><subfield code="a">NNU</subfield><subfield code="b">eng</subfield><subfield code="e">rda</subfield><subfield code="c">NNU</subfield></datafield><datafield ind1="0" ind2="0" tag="050"><subfield code="a">PK6465</subfield><subfield code="b">.Z977</subfield></datafield><datafield ind1="1" ind2=" " tag="100"><subfield code="6">880-01</subfield><subfield code="a">Shawa&#772;ribi&#772;, Ibra&#772;hi&#772;m Ami&#772;n.</subfield></datafield><datafield ind1="1" ind2="0" tag="245"><subfield code="6">880-02</subfield><subfield code="a">H&#803;a&#772;fiz&#803; al-Shi&#772;ra&#772;zi&#772; :</subfield><subfield code="b">sha&#772;&#699;ir al-ghina&#772;&#700; wa-al-ghazal fi&#772; I&#772;ra&#772;n /</subfield><subfield code="c">ta&#700;li&#772;f Ibra&#772;hi&#772;m Ami&#772;n al-Shawa&#772;ribi&#772;.</subfield></datafield><datafield ind1=" " ind2=" " tag="260"><subfield code="6">880-03</subfield><subfield code="a">Mis&#803;r :</subfield><subfield code="b">Mat&#803;ba&#699;at al-Ma&#699;a&#772;rif wa-Maktabatuha&#772;,</subfield><subfield code="c">[1944]</subfield></datafield><datafield ind1=" " ind2=" " tag="300"><subfield code="a">online resource (430 pages) :</subfield><subfield code="b">illustrations, maps</subfield></datafield><datafield ind1=" " ind2=" " tag="336"><subfield code="a">text</subfield><subfield code="2">rdacontent</subfield></datafield><datafield ind1=" " ind2=" " tag="337"><subfield code="a">computer</subfield><subfield code="2">rdamedia</subfield></datafield><datafield ind1=" " ind2=" " tag="338"><subfield code="a">online resource</subfield><subfield code="2">rdacarrier</subfield></datafield><datafield ind1=" " ind2=" " tag="500"><subfield code="a">Part of the Arabic Collections Online (ACO) project, contributed by Columbia University Libraries.</subfield></datafield><datafield ind1=" " ind2=" " tag="504"><subfield code="a">Includes bibliographical references (pages 375-384).</subfield></datafield><datafield ind1=" " ind2=" " tag="533"><subfield code="a">Electronic reproduction.</subfield><subfield code="b">New York, N.Y. :</subfield><subfield code="c">New York University,</subfield><subfield code="d">2015.</subfield><subfield code="5">NNU</subfield></datafield><datafield ind1="0" ind2="0" tag="600"><subfield code="a">H&#803;a&#772;fiz&#803;,</subfield><subfield code="d">active 14th century.</subfield></datafield><datafield ind1="0" ind2="4" tag="600"><subfield code="a">Hafiz,</subfield><subfield code="d">active 14th century.</subfield></datafield><datafield ind1="0" ind2="7" tag="600"><subfield code="a">H&#803;a&#772;fiz&#803;,</subfield><subfield code="d">active 14th century</subfield><subfield code="2">fast</subfield><subfield code="0">(OCoLC)fst01822361</subfield></datafield><datafield ind1="2" ind2=" " tag="710"><subfield code="a">Columbia University.</subfield><subfield code="b">Libraries.</subfield></datafield><datafield ind1="0" ind2=" " tag="730"><subfield code="a">Arabic Collections Online.</subfield></datafield><datafield ind1="0" ind2="8" tag="776"><subfield code="i">Print version:</subfield><subfield code="a">Shawa&#772;ribi&#772;, Ibra&#772;hi&#772;m Ami&#772;n.</subfield><subfield code="t">H&#803;a&#772;fiz&#803; al-Shi&#772;ra&#772;zi&#772;</subfield><subfield code="w">(NNC)3079390</subfield><subfield code="w">(DLC)   59044141 </subfield><subfield code="w">(OCoLC)24576120</subfield></datafield><datafield ind1="4" ind2="0" tag="856"><subfield code="u">http://hdl.handle.net/2333.1/cz8w9jb0</subfield></datafield><datafield ind1="1" ind2=" " tag="880"><subfield code="6">100-01/r</subfield><subfield code="a">&#1588;&#1608;&#1575;&#1585;&#1576;&#1610;&#1548; &#1575;&#1576;&#1585;&#1575;&#1607;&#1610;&#1605; &#1571;&#1605;&#1610;&#1606;.</subfield></datafield><datafield ind1="1" ind2="0" tag="880"><subfield code="6">245-02/r</subfield><subfield code="a">&#1581;&#1575;&#1601;&#1592; &#1575;&#1604;&#1588;&#1610;&#1585;&#1575;&#1586;&#1610; :</subfield><subfield code="b">&#1588;&#1575;&#1593;&#1585; &#1575;&#1604;&#1594;&#1606;&#1575;&#1569; &#1608;&#1575;&#1604;&#1594;&#1586;&#1604; &#1601;&#1610; &#1573;&#1610;&#1585;&#1575;&#1606; /</subfield><subfield code="c">&#1578;&#1571;&#1604;&#1610;&#1601; &#1575;&#1576;&#1585;&#1575;&#1607;&#1610;&#1605; &#1571;&#1605;&#1610;&#1606; &#1575;&#1604;&#1588;&#1608;&#1575;&#1585;&#1576;&#1610;.</subfield></datafield><datafield ind1=" " ind2=" " tag="880"><subfield code="6">260-03/r</subfield><subfield code="a">&#1605;&#1589;&#1585; :</subfield><subfield code="b">&#1605;&#1603;&#1578;&#1576;&#1577; &#1575;&#1604;&#1605;&#1593;&#1575;&#1585;&#1601; &#1608;&#1605;&#1591;&#1576;&#1593;&#1578;&#1607;&#1575;&#1548;</subfield><subfield code="c">[1944]</subfield></datafield><datafield ind1=" " ind2=" " tag="959"><subfield code="a">NNU</subfield><subfield code="b">WEB</subfield><subfield code="c">GENI</subfield><subfield code="t">0</subfield><subfield code="m">Electronic access</subfield><subfield code="s">01</subfield></datafield><datafield ind1=" " ind2=" " tag="999"><subfield code="i">NNC_3079390</subfield><subfield code="o">(OCoLC)ocm24576120 </subfield><subfield code="s">columbia_aco000039</subfield></datafield></record>